% Introduction

@online{RAM_Definition,
  author = {Crucial},
  title = {What is Computer Memory (RAM) and What Does It Do?},
  year = 2017,
  url = {https://www.crucial.com/articles/about-memory/support-what-does-computer-memory-do},
  urldate = {2022-11-25}
}

@online{RAM_Speed, 
    author = {Kingston},
    title = {MT/s vs MHz: A better measure for memory speed},
    year = 2022,
    url = {https://www.kingston.com/en/blog/pc-performance/mts-vs-mhz},
    urldate = {2022-11-27}
}

@online{RAM_Latency, 
    author = {Crucial},
    title = {The Difference Between RAM Speed and CAS Latency},
    year = 2018,
    url = {https://www.crucial.com/articles/about-memory/difference-between-speed-and-latency},
    urldate = {2022-11-27}
}

@online{Intel_12_RAM_specs, 
    author = {Intel},
    title = {Compatibility of 12th Generation Intel® Desktop Processors},
    year = 2022,
    url = {https://www.intel.com/content/www/us/en/support/articles/000088143/processors/intel-core-processors.html},
    urldate = {2022-12-09}
}

@online{Intel_13_presentation,
  title = {13th Gen Intel Core Desktop Media Presentation},
  author = {Intel},
  year = 2022,
  url  =  {https://download.intel.com/newsroom/2022/2022innovation/13th-Gen-Intel-Core-Desktop-Media-presentation.pdf},
  urldate = {2022-12-09}
}

@online{Ryzen_7000_RAM_specs, 
    author = {AMD},
    title = {AMD Ryzen 7000 Series Desktop Processors},
    year = 2022,
    url = {https://www.amd.com/en/processors/ryzen},
    urldate = {2022-12-09}
}

@online{Ryzen_5000_RAM_specs, 
    author = {AMD},
    title = {The Future of Computing is Fast(er Than Ever): AMD Ryzen 5000 Processors},
    year = 2020,
    url = {https://www.amd.com/en/partner/ryzen-5000-series-desktop},
    urldate = {2022-12-09}
}

@online{RAM_generations,
    author = {Crucial},
    title = {What’s the difference between SDRAM, DDR, DDR2, DDR3, DDR4 and DDR5?},
    year = 2020,
    url = {https://www.crucial.com/articles/about-memory/difference-among-ddr2-ddr3-ddr4-and-ddr5-memory},
    urldate = {2022-11-23}
}

@online{RAM_generations_2,
    author = {Sven Bauduin},
    title = {DDR bis DDR5: Fünf Generationen RAM im direkten Vergleich},
    year = 2021,
    url = {https://www.computerbase.de/2021-07/ddr5-ddr4-ddr3-ddr2-ddr-speicher-latenzen/},
    urldate = {2022-11-23}
}

@online{SDRAM,
    author = {Werner Fischer},
    title = {DDR-SDRAM},
    year = 2021,
    url = {https://www.thomas-krenn.com/de/wiki/DDR-SDRAM},
    urldate = {2022-11-16}
}

@online{DDR5_RAM,
    author = {Alana Friedrichs},
    title = {DDR5-RAM wird günstiger: Sind die Tage von DDR4 damit gezählt?},
    year = 2022,
    url = {https://www.gamestar.de/artikel/ddr5-ram-guenstiger-arbeitsspeicher,3384103.html},
    urldate = {2022-11-16}
}

@online{DDR5_RAM_2,
    author = {Volker Rißka},
    title = {Arbeitsspeicher: SK Hynix bringt ersten DDR5-RAM auf den Markt},
    year = 2020,
    url = {https://www.computerbase.de/2020-10/arbeitsspeicher-sk-hynix-ddr5-ram/},
    urldate = {2022-11-16}
}

@online{DDR2_vs_DDR3,
    author = {Diffen},
    title = {DDR2 vs. DDR3},
    year = 2008,
    url = {https://www.diffen.com/difference/DDR2_vs_DDR3},
    urldate = {2022-12-14}
}

@online{DDR2_bus,
    author = {GDA Technologies, Inc.},
    title = {DDR2 Signal Integrity},
    year = 2022,
    url = {https://www.design-reuse.com/articles/16705/ddr2-signal-integrity.html},
    urldate = {2022-12-14}
}

% Methodology

@online{best_games,
    author = {William Judd},
    title = {GAMES WITH BUILT-IN BENCHMARKS 2022: HOW TO BENCHMARK YOUR PC},
    year = 2022,
    url = {https://xsreviews.co.uk/news/games-with-built-in-benchmarks-how-to-benchmark-your-pc/},
    urldate = {2022-12-12}
}

@online{marketshare,
    author = {Peter Brown},
    title = {94\% of DRAM market controlled by three companies},
    year = 2022,
    url = {https://electronics360.globalspec.com/article/18157/94-of-dram-market-controlled-by-three-companies},
    urldate = {2022-12-13}
}

@online{3dmark_def,
    author = {UL Solutions},
    title = {Benchmarks and Performance Tests},
    year = 2022,
    url = {https://benchmarks.ul.com/},
    urldate = {2022-12-15}
}

@online{7zip_def,
    author = {Fiehn Lab},
    title = {7ZIP compression benchmark for large files (Virtual Machines)},
    year = 2016,
    url = {https://fiehnlab.ucdavis.edu/staff/kind/collector/benchmark/7zip-benchmark},
    urldate = {2022-12-15}
}

@online{benchmark_differences,
    author = {Patrick Allan},
    title = {The Differences Between Synthetic, Real World, and Hybrid Benchmarks},
    year = 2014,
    url = {https://lifehacker.com/the-differences-between-synthetic-real-world-and-hybr-1663435313},
    urldate = {2022-12-15}
}

% Results

@article{DDR4_DDR5_research,
    author = {Ashraful Islam, Yeasin Arafath, Jahid Hasan},
    title = {Design of DDR4 SDRAM Controller},
    journal = {8th International Conference on Electrical and Computer Engineering},
    year = {2014},
    pages = {148--151},
}

@online{DDR4_DDR5_micron,
    author = {Micron},
    title = {DDR5 SDRAM},
    year = 2022,
    url = {https://www.micron.com/products/dram/ddr5-sdram},
    urldate = {2022-12-10}
}

@online{RAM_latency_data,
    author = {Sven Bauduin},
    title = {DDR5-Arbeitsspeicher: Bandbreiten, Latenzen und Latenzzeiten im Überblick},
    year = 2022,
    url = {https://www.computerbase.de/2022-06/ddr5-arbeitsspeicher-bandbreiten-latenzen/},
    urldate = {2022-12-10}
}

@online{DDR4_DDR5_CAS,
    author = {Jerry James},
    title = {Guide to RAM (Memory) Latency – How important is it?},
    year = 2022,
    url = {https://www.cgdirector.com/ram-memory-latency/},
    urldate = {2022-12-10}
}

@online{ddr5_overview_kingston,
    author = {Kingston},
    title = {DDR5 memory standard: An introduction to the next generation of DRAM module technology},
    year = 2022,
    url = {https://www.kingston.com/en/blog/pc-performance/ddr5-overview},
    urldate = {2022-12-10}
}

@online{12900k_gaming_and_work_benchmarks,
    author = {Sebastian Schenzinger},
    title = {DDR4 vs DDR5 RAM im Test mit Intel Core i9-12900K},
    year = 2022,
    url = {https://www.pcwelt.de/article/1199827/ddr4-vs-ddr5-ram-im-test-mit-intel-core-i9-12900k.html},
    urldate = {2022-12-11}
}

@online{most_popular_screenresolution,
    author = {Shreya Bose},
    title = {What is the ideal screen size for responsive design?},
    year = 2022,
    url = {https://www.browserstack.com/guide/ideal-screen-sizes-for-responsive-design},
    urldate = {2022-12-12}
}

@misc{youtube_test_i5,
    title={i5 12600K : DDR4 vs DDR5},
    url={https://www.youtube.com/watch?v=sr1SF2dPhQ0},
    journal={YouTube},
    author={Testing Games},
    year={2021},
    month={December}
}

@misc{youtube_test_i7+i5,
    title={DDR4 vs DDR5 || i5 12600K, i7 12700K, i9 12900K || PC GAMES TEST ||},
    url={https://www.youtube.com/watch?v=CiCQ3CTNyag},
    journal={YouTube},
    author={thegamrone},
    year={2021},
    month={November}
}

@misc{youtube_test_3dmark,
    title={DDR4 vs. DDR5! So schnell ist DDR5-Speicher wirklich! feat.@der8auer},
    url={https://www.youtube.com/watch?v=bQCcAhyQlxI},
    journal={YouTube},
    author={Corsair},
    year={2022},
    month={May}
}

@online{test_7zip,
    author = {Hilbert Hagedoorn},
    title = {Core i9 12900K DDR4 3600 vs DDR5 5200 performance review},
    year = 2021,
    url = {https://www.guru3d.com/articles_pages/core_i9_12900k_ddr4_versus_ddr5_performance_review,10.html},
    urldate = {2022-12-13}
}

@online{what_is_pugetbench,
    author = {Matt Bach},
    title = {PugetBench for Premiere Pro},
    year = 2019,
    url = {https://www.pugetsystems.com/labs/articles/PugetBench-for-Premiere-Pro-1519/},
    urldate = {2022-12-13}
}

@online{pugetbench_test,
    author = {Matt Bach},
    title = {Adobe Photoshop: 12th Gen Intel Core vs AMD Ryzen 5000 Series},
    year = 2021,
    url = {https://www.pugetsystems.com/labs/articles/Adobe-Photoshop-12th-Gen-Intel-Core-vs-AMD-Ryzen-5000-Series-2245/},
    urldate = {2022-12-13}
}

@online{Geizhals_ddr4,
    author = {Geizhals},
    title = {Crucial DIMM Kit 32GB, DDR4-3200, CL22-22-22},
    year = 2022,
    url = {https://geizhals.de/crucial-dimm-kit-32gb-ct2k16g4dfra32a-a2326631.html},
    urldate = {2022-12-13}
}

@online{Geizhals_ddr5,
    author = {Geizhals},
    title = {Crucial DIMM Kit 32GB, DDR5-4800, CL40-39-39, on-die ECC},
    year = 2022,
    url = {https://geizhals.de/crucial-ddr5-dimm-kit-32gb-ct2k16g48c40u5-a2627505.html},
    urldate = {2022-12-13}
}

@online{Crucial_ddr4,
    author = {Crucial},
    title = {Crucial 32GB Kit (2 x 16GB) DDR4-3200 UDIMM},
    year = 2022,
    url = {https://www.crucial.de/memory/ddr4/ct2k16g4dfra32a},
    urldate = {2022-12-13}
}

@online{Crucial_ddr5,
    author = {Crucial},
    title = {Crucial 32GB Kit (2 x 16GB) DDR5-4800 UDIMM},
    year = 2022,
    url = {https://www.crucial.de/memory/ddr5/ct2k16g48c40u5},
    urldate = {2022-12-13}
}   

% Discussion

@online{samsung_1tb,
    author = {Anton Shilov},
    title = {Samsung: 1TB DDR5 RAM in 2024, DDR5-7200 in 2025},
    year = 2022,
    url = {https://www.tomshardware.com/news/samsung-talks-1tb-ddr5-modules-ddr5-7200},
    urldate = {2022-12-14}
}

@online{bluescreens,
    author = {IONOS},
    title = {Windows Bluescreen (BSOD): So beheben Sie den blauen Bildschirm},
    year = 2021,
    url = {https://www.ionos.de/digitalguide/server/knowhow/bluescreen-in-windows-beheben/},
    urldate = {2022-12-14}
}

@online{used_kits,
    author = {Geizhals},
    title = {Prices of used DDR4 and DDR5 kits in benchmarks},
    year = 2022,
    url = { },
    urldate = {2022-12-13},
    note = {All URLs: \url{https://geizhals.de/?cat=ramddr3&xf=1454_16384\%7E15903_DDR5\%7E15903_keinSO\%7E253_32768\%7E254_6000\%7E256_2x}; \url{https://geizhals.de/?cat=ramddr3&xf=1454_16384\%7E15903_DDR4\%7E253_32768\%7E254_3733\%7E256_2x}; \url{https://geizhals.de/?cat=ramddr3&xf=1454_16384\%7E15903_DDR4\%7E253_32768\%7E254_3200\%7E256_2x}; \url{https://geizhals.de/?cat=ramddr3&xf=1454_16384\%7E15903_DDR4\%7E15903_keinSO\%7E253_32768\%7E254_4000\%7E256_2x}; \url{https://geizhals.de/?cat=ramddr3&xf=1454_16384\%7E15903_DDR5\%7E15903_keinSO\%7E253_32768\%7E254_4000\%7E256_2x}; \url{https://geizhals.de/?cat=ramddr3&xf=1454_16384\%7E15903_DDR5\%7E253_32768\%7E254_5200\%7E255_38\%7E256_2x}; \url{https://geizhals.de/?cat=ramddr3\&xf=1454_16384\%7E15903_DDR5\%7E15903_keinSO\%7E253_32768\%7E254_6400\%7E256_2x}}
}

@online{crc_def,
    author = {Techopedia},
    title = {Cyclic Redundancy Check (CRC)},
    year = 2020,
    url = {https://www.techopedia.com/definition/1793/cyclic-redundancy-check-crc},
    urldate = {2022-12-15}
}

@online{bank_groups,
    author = {Graham Allan},
    title = {DDR4 Bank Groups in Embedded Applications},
    year = 2022,
    url = {https://www.synopsys.com/designware-ip/technical-bulletin/ddr4-bank-groups.html},
    urldate = {2022-12-15}
}